@book{2006mathematics,
  title={Mathematics of Control, Signals, and Systems: MCSS.},
  number={v. 18},
  lccn={88640596},
  url={https://books.google.com/books?id=4RtVAAAAMAAJ},
  year={2006},
  publisher={Springer International}
}
