@article{10.1371/journal.pbio.0030343,
    author = {Prill, Robert J AND Iglesias, Pablo A AND Levchenko, Andre},
    journal = {PLOS Biology},
    publisher = {Public Library of Science},
    title = {Dynamic Properties of Network Motifs Contribute to Biological Network Organization},
    year = {2005},
    month = {10},
    volume = {3},
    url = {https://doi.org/10.1371/journal.pbio.0030343},
    pages = {},
    abstract = {The authors model how network motifs respond to small-scale perturbations and find a strong correlation between motif stability and abundance in a network, suggesting that dynamic properties of network motifs may play a role in overall network structure.},
    number = {11},
    doi = {10.1371/journal.pbio.0030343}
}