@article{neher1992patch,
  title={The patch clamp technique},
  author={Neher, Erwin and Sakmann, Bert},
  journal={Scientific American},
  volume={266},
  number={3},
  pages={44--51},
  year={1992},
  publisher={JSTOR}
}
