@misc{peyser_alexander_2017_882971,
  author       = {Peyser, Alexander and
                  Sinha, Ankur and
                  Vennemo, Stine Brekke and
                  Ippen, Tammo and
                  Jordan, Jakob and
                  Graber, Steffen and
                  Morrison, Abigail and
                  Trensch, Guido and
                  Fardet, Tanguy and
                  Mørk, Håkon and
                  Hahne, Jan and
                  Schuecker, Jannis and
                  Schmidt, Maximilian and
                  Kunkel, Susanne and
                  Dahmen, David and
                  Eppler, Jochen Martin and
                  Diaz, Sandra and
                  Terhorst, Dennis and
                  Deepu, Rajalekshmi and
                  Weidel, Philipp and
                  Kitayama, Itaru and
                  Mahmoudian, Sepehr and
                  Kappel, David and
                  Schulze, Martin and
                  Appukuttan, Shailesh and
                  Schumann, Till and
                  Tunç, Hünkar Can and
                  Mitchell, Jessica and
                  Hoff, Michael and
                  Müller, Eric and
                  Carvalho, Milena Menezes and
                  Zajzon, Barna and
                  Plesser, Hans Ekkehard},
  title        = {NEST 2.14.0},
  month        = oct,
  year         = 2017,
  doi          = {10.5281/zenodo.882971},
  url          = {https://doi.org/10.5281/zenodo.882971}
}